@inproceedings{Ager::2012,
 author = {Ager, Bernhard and Chatzis, Nikolaos and Feldmann, Anja and Sarrar, Nadi and Uhlig, Steve and Willinger, Walter},
 title = {Anatomy of a Large European IXP},
 booktitle = {Proceedings of the ACM SIGCOMM 2012 Conference on Applications, Technologies, Architectures, and Protocols for Computer Communication},
 series = {SIGCOMM '12},
 year = {2012},
 isbn = {978-1-4503-1419-0},
 location = {Helsinki, Finland},
 pages = {163--174},
 numpages = {12},
 url = {http://doi.acm.org/10.1145/2342356.2342393},
 doi = {10.1145/2342356.2342393},
 acmid = {2342393},
 publisher = {ACM},
 address = {New York, NY, USA},
 keywords = {internet exchange points, internet topology, traffic characterization},
} 

@ARTICLE{Bleicher:2013,
 journal={IEEE Spectrum},
 author = {Bleicher, Ariel},
 title={Five Ways to Bring Broadband to the Backwoods},
 year={2013},
 volume={50},
 number={10},
 pages={11-13},
 doi={10.1109/MSPEC.2013.6606998},
 ISSN={0018-9235},
 month={October},
}


%%% Social Science Entries
@inproceedings{Wallace:2015b,
 author = {Wallace, Claire and Vincent, Kathryn and Luguzan, Cristian and Talbot, Hilary},
 title = {Community Broadband Initiatives: What Makes Them Successful and Why?},
 booktitle = {Proceedings of the 7th International Conference on Communities and Technologies},
 series = {C\&\#38;T '15},
 year = {2015},
 isbn = {978-1-4503-3460-0},
 location = {Limerick, Ireland},
 pages = {109--117},
 numpages = {9},
 url = {http://doi.acm.org/10.1145/2768545.2768548},
 doi = {10.1145/2768545.2768548},
 acmid = {2768548},
 publisher = {ACM},
 address = {New York, NY, USA},
 keywords = {communications technologies, community broadband, social capital, social enterprise, technology},
} 

@article{Wallace:2015a,
 author = {Wallace, Claire and Vincent, Kathryn},
 title = {Six Factors for Success in Community Broadband Initiatives},
 journal = {interactions},
 issue_date = {January + February 2016},
 volume = {23},
 number = {1},
 month = dec,
 year = {2015},
 issn = {1072-5520},
 pages = {36--39},
 numpages = {4},
 url = {http://doi.acm.org/10.1145/2847208},
 doi = {10.1145/2847208},
 acmid = {2847208},
 publisher = {ACM},
 address = {New York, NY, USA}
}

 @article{Wood:2008:RBP:1367135.1367162,
 author = {Wood, Lawrence E.},
 title = {Rural Broadband: The Provider Matters},
 journal = {Telecommun. Policy},
 issue_date = {June, 2008},
 volume = {32},
 number = {5},
 month = jun,
 year = {2008},
 issn = {0308-5961},
 pages = {326--339},
 numpages = {14},
 url = {http://dx.doi.org/10.1016/j.telpol.2007.08.004},
 doi = {10.1016/j.telpol.2007.08.004},
 acmid = {1367162},
 publisher = {Pergamon Press, Inc.},
 address = {Tarrytown, NY, USA},
 keywords = {Broadband, Cable industry, Digital divide, Telecommunications, Telephone industry},
} 

 
%%End Social Sci Entries

%% People will use resources if available
@inproceedings{Zheleva:2013,
 author = {Zheleva, Mariya and Schmitt, Paul and Vigil, Morgan and Belding, Elizabeth},
 title = {The Increased Bandwidth Fallacy: Performance and Usage in Rural Zambia},
 booktitle = {Proceedings of the 4th Annual Symposium on Computing for Development},
 series = {ACM DEV-4 '13},
 year = {2013},
 isbn = {978-1-4503-2558-5},
 location = {Cape Town, South Africa},
 pages = {2:1--2:10},
 articleno = {2},
 numpages = {10},
 url = {http://doi.acm.org/10.1145/2537052.2537060},
 doi = {10.1145/2537052.2537060},
 acmid = {2537060},
 publisher = {ACM},
 address = {New York, NY, USA},
 keywords = {bandwidth increase, digital divide, rural area networks, satellite, wireless terrestrial},
}

@article{hayes1997computing,
  title={Computing Science: The Infrastructure of the Information Infrastructure},
  author={Hayes, Brian},
  journal={American Scientist},
  volume={85},
  number={3},
  pages={214--218},
  year={1997},
  publisher={JSTOR}
}

@inproceedings{Ager:2012:ALE:2342356.2342393,
 author = {Ager, Bernhard and Chatzis, Nikolaos and Feldmann, Anja and Sarrar, Nadi and Uhlig, Steve and Willinger, Walter},
 title = {Anatomy of a Large European IXP},
 booktitle = {Proceedings of the ACM SIGCOMM 2012 Conference on Applications, Technologies, Architectures, and Protocols for Computer Communication},
 series = {SIGCOMM '12},
 year = {2012},
 isbn = {978-1-4503-1419-0},
 location = {Helsinki, Finland},
 pages = {163--174},
 numpages = {12},
 url = {http://doi.acm.org/10.1145/2342356.2342393},
 doi = {10.1145/2342356.2342393},
 acmid = {2342393},
 publisher = {ACM},
 address = {New York, NY, USA},
 keywords = {internet exchange points, internet topology, traffic characterization},
} 

@article{Chatzis:2013:MIM:2541468.2541473,
 author = {Chatzis, Nikolaos and Smaragdakis, Georgios and Feldmann, Anja and Willinger, Walter},
 title = {There is More to IXPs Than Meets the Eye},
 journal = {SIGCOMM Comput. Commun. Rev.},
 issue_date = {October 2013},
 volume = {43},
 number = {5},
 month = nov,
 year = {2013},
 issn = {0146-4833},
 pages = {19--28},
 numpages = {10},
 url = {http://doi.acm.org/10.1145/2541468.2541473},
 doi = {10.1145/2541468.2541473},
 acmid = {2541473},
 publisher = {ACM},
 address = {New York, NY, USA},
 keywords = {content delivery, internet exchange point, peering}
} 
